
@article{ncd2016trends,
  title={Trends in adult body-mass index in 200 countries from 1975 to 2014: a pooled analysis of 1698 population-based measurement studies with 19{\textperiodcentered} 2 million participants},
  author={NCD Risk Factor Collaboration and others},
  journal={The Lancet},
  volume={387},
  number={10026},
  pages={1377--1396},
  year={2016},
  publisher={Elsevier}
}

@article{mokdad2003prevalence,
  title={Prevalence of obesity, diabetes, and obesity-related health risk factors, 2001},
  author={Mokdad, Ali H and Ford, Earl S and Bowman, Barbara A and Dietz, William H and Vinicor, Frank and Bales, Virginia S and Marks, James S},
  journal={Jama},
  volume={289},
  number={1},
  pages={76--79},
  year={2003},
  publisher={American Medical Association}
}

@article{kaukua2003behav,
  title={Health-related quality of life in obese outpatients losing weight with very-low-energy diet and behaviour modification—a 2-y follow-up study},
  author={Kaukua, Jarmo and Pekkarinen, Tuula and Sane, Timo and Mustajoki, Pertti},
  journal={International journal of obesity},
  volume={27},
  number={10},
  pages={1233--1241},
  year={2003},
  publisher={Nature Publishing Group}
}

@article{powell2011drug,
  title={New drug targets for the treatment of obesity},
  author={Powell, AG and Apovian, CM and Aronne, LJ},
  journal={Clinical pharmacology \& therapeutics},
  volume={90},
  number={1},
  pages={40--51},
  year={2011},
  publisher={Wiley Online Library}
}

@article{hany2002,
   author = {Hany, Thomas F and Gharehpapagh, Esmaiel and Kamel, Ehab M and Buck, Alfred and Himms-Hagen, Jean and von Schulthess, Gustav K},
   title = {Brown adipose tissue: a factor to consider in symmetrical tracer uptake in the neck and upper chest region},
   volume = {29},
   number = {10},
   pages = {1393-1398},
   month = {Aug 08},
   url = {http://link.springer.com/10.1007/s00259-002-0902-6},
   year = {2002},
}

@article{bahler2016batsuv,
  title={Interobserver and intraobserver variability for the assessment of brown adipose tissue activity on 18F-FDG PET-CT},
  author={Bahler, Lonneke and Holleman, Frits and Booij, Jan and Hoekstra, Joost B and Verberne, Hein J},
  journal={Nuclear medicine communications},
  volume={37},
  number={4},
  pages={363--371},
  year={2016},
  publisher={Wolters Kluwer}
}

@article{gifford2014auto,
  title={Human brown adipose tissue depots automatically segmented by positron emission tomography/computed tomography and registered magnetic resonance images.},
  author={Gifford, Aliya and Towse, Theodore F and Walker, Ronald C and Avison, Malcolm J and Welch, E Brian},
  journal={Journal of visualized experiments: JoVE},
  number={96},
  year={2014},
  publisher={MyJoVE Corporation}
}

@article{becker2016bat,
  title={Anatomical Grading for Metabolic Activity of Brown Adipose Tissue},
  author={Becker, Anton S and Nagel, Hannes W and Wolfrum, Christian and Burger, Irene A},
  journal={PloS one},
  volume={11},
  number={2},
  pages={e0149458},
  year={2016},
  publisher={Public Library of Science}
}

@book{wickham2009ggplot2,
  title={ggplot2: elegant graphics for data analysis},
  author={Wickham, Hadley},
  year={2009},
  publisher={Springer Science \& Business Media}
}

@article{cohen1968weighted,
  title={Weighted kappa: Nominal scale agreement provision for scaled disagreement or partial credit.},
  author={Cohen, Jacob},
  journal={Psychological bulletin},
  volume={70},
  number={4},
  pages={213},
  year={1968},
  publisher={American Psychological Association}
}

@article{lawrence1989concordance,
  title={A concordance correlation coefficient to evaluate reproducibility},
  author={Lawrence, I and Lin, Kuei},
  journal={Biometrics},
  pages={255--268},
  year={1989},
  publisher={JSTOR}
}

@article{shrout1979intraclass,
  title={Intraclass correlations: uses in assessing rater reliability.},
  author={Shrout, Patrick E and Fleiss, Joseph L},
  journal={Psychological bulletin},
  volume={86},
  number={2},
  pages={420},
  year={1979},
  publisher={American Psychological Association}
}

@article{delong1988roc,
  title={Comparing the areas under two or more correlated receiver operating characteristic curves: a nonparametric approach},
  author={DeLong, Elizabeth R and DeLong, David M and Clarke-Pearson, Daniel L},
  journal={Biometrics},
  pages={837--845},
  year={1988},
  publisher={JSTOR}
}

@article{cypess2009bat,
  title={Identification and importance of brown adipose tissue in adult humans},
  author={Cypess, Aaron M and Lehman, Sanaz and Williams, Gethin and Tal, Ilan and Rodman, Dean and Goldfine, Allison B and Kuo, Frank C and Palmer, Edwin L and Tseng, Yu-Hua and Doria, Alessandro and others},
  journal={New England Journal of Medicine},
  volume={360},
  number={15},
  pages={1509--1517},
  year={2009},
  publisher={Mass Medical Soc}
}

@article{virtanen2009functional,
  title={Functional brown adipose tissue in healthy adults},
  author={Virtanen, Kirsi A and Lidell, Martin E and Orava, Janne and Heglind, Mikael and Westergren, Rickard and Niemi, Tarja and Taittonen, Markku and Laine, Jukka and Savisto, Nina-Johanna and Enerb{\"a}ck, Sven and others},
  journal={New England Journal of Medicine},
  volume={360},
  number={15},
  pages={1518--1525},
  year={2009},
  publisher={Mass Medical Soc}
}

@article{cicchetti1977comparison,
  title={Comparison of the null distributions of weighted kappa and the C ordinal statistic},
  author={Cicchetti, Dominic V and Fleiss, Joseph L},
  journal={Applied Psychological Measurement},
  volume={1},
  number={2},
  pages={195--201},
  year={1977},
  publisher={Sage Publications}
}

@article{kaushik2015estimation,
  title={Estimation of radiation dose to patients from 18FDG whole body PET/CT investigations using dynamic PET scan protocol},
  author={Kaushik, Aruna and Jaimini, Abhinav and Tripathi, Madhavi and D’Souza, Maria and Sharma, Rajnish and Mondal, Anupam and Mishra, Anil K and Dwarakanath, Bilikere S},
  journal={The Indian journal of medical research},
  volume={142},
  number={6},
  pages={721},
  year={2015},
  publisher={Medknow Publications}
}

@article{webb2015glucose,
  title={Effects of varying serum glucose levels on 18F-FDG biodistribution},
  author={Webb, Ryan L and Landau, Elliot and Klein, Daniel and DiPoce, Jason and Volkin, Dmitry and Belman, Jonathan and Voutsinas, Nicholas and Brenner, Arnold},
  journal={Nuclear medicine communications},
  volume={36},
  number={7},
  pages={717--721},
  year={2015},
  publisher={LWW}
}

@article{burger2012repeatability,
  title={Repeatability of FDG quantification in tumor imaging: averaged SUVs are superior to SUV max},
  author={Burger, Irene A and Huser, Dominic M and Burger, Cyrill and von Schulthess, Gustav K and Buck, Alfred},
  journal={Nuclear medicine and biology},
  volume={39},
  number={5},
  pages={666--670},
  year={2012},
  publisher={Elsevier}
}

@article{burger2014pet,
  title={PET quantification with a histogram derived total activity metric: Superior quantitative consistency compared to total lesion glycolysis with absolute or relative SUV thresholds in phantoms and lung cancer patients},
  author={Burger, Irene A and Vargas, Hebert Alberto and Apte, Aditya and Beattie, Bradley J and Humm, John L and Gonen, Mithat and Larson, Steven M and Schmidtlein, C Ross},
  journal={Nuclear medicine and biology},
  volume={41},
  number={5},
  pages={410--418},
  year={2014},
  publisher={Elsevier}
}

@article{lopez1988amino,
  title={Amino acid and glucose uptake by rat brown adipose tissue. Effect of cold-exposure and acclimation},
  author={L{\'o}pez-Soriano, FJ and Fern{\'a}ndez-L{\'o}pez, JA and Mampel, T and Villarroya, F and Iglesias, R and Alemany, M},
  journal={Biochemical Journal},
  volume={252},
  number={3},
  pages={843--849},
  year={1988},
  publisher={Portland Press Limited}
}

@article{cypess2015activation,
  title={Activation of human brown adipose tissue by a $\beta$3-adrenergic receptor agonist},
  author={Cypess, Aaron M and Weiner, Lauren S and Roberts-Toler, Carla and El{\'\i}a, Elisa Franquet and Kessler, Skyler H and Kahn, Peter A and English, Jeffrey and Chatman, Kelly and Trauger, Sunia A and Doria, Alessandro and others},
  journal={Cell metabolism},
  volume={21},
  number={1},
  pages={33--38},
  year={2015},
  publisher={Elsevier}
}

@article{muller2016proteomic,
  title={Proteomic analysis of human brown adipose tissue reveals utilization of coupled and uncoupled energy expenditure pathways},
  author={M{\"u}ller, Sebastian and Balaz, Miroslav and Stefanicka, Patrik and Varga, Lukas and Amri, Ez-Zoubir and Ukropec, Jozef and Wollscheid, Bernd and Wolfrum, Christian},
  journal={Scientific reports},
  volume={6},
  year={2016},
  publisher={Nature Publishing Group}
}